@string{ip = "Information Processing"}
@string{vldb = "Proceedings of the International Conference  on Very Large
		  Databases (VLDB)"}
@string{sigmod = "Proceedings of the ACM SIGMOD International Conference on 
Management of Data"}
@string{dc = "Proceedings of the International Conference on Distributed
		  Computing Systems"}
@string{pe = "Performance Evaluation"}
@string{sigmetrics = "Proceedings of  ACM SIGMETRICS"}
@string{de = "Proceedings of the International Conference on Data Engineering 
(ICDE)"}

@string{tods = "ACM Transactions on Database Systems"}
@string{tois = "ACM Transactions on Information Systems"}
@string{cs = "Computing Surveys"}
@string{cacm = "Communications of the ACM"}
@string{jacm = "Journal of the ACM"}
@string{tse = "IEEE Transactions on Software Engineering"}
@string{tkde = "IEEE Transactions on Knowledge and Data Engineering"}
@string{tc = "IEEE Transactions on Computers"}
@string{ic = "IEEE Computer"}
@string{pie = "Proceedings of the IEEE"}
@string{compcon = "Proceedings of the IEEE COMPCON Conference"}

@string{ip = "Information Processing"}
@string{is = "Information Systems"}

@article{Wang11,
  title={A survey on energy-efficient data management},
  author={Wang, Jun and Feng, Ling and Xue, Wenwei and Song, Zhanjiang},
  journal={ACM SIGMOD Record},
  volume={40},
  number={2},
  pages={17--23},
  year={2011},
  publisher={ACM}
}

@article{Claremont08,
  title={The Claremont report on database research},
  author={Agrawal, Rakesh and Ailamaki, Anastasia and others},
  journal={ACM SIGMOD Record},
  volume={37},
  number={3},
  pages={9--19},
  year={2008},
  publisher={ACM}
}

@article{Abadi16,
  title={The beckman report on database research},
  author={Abadi, Daniel and Agrawal, Rakesh and Ailamaki, Anastasia and Balazinska, Magdalena and Bernstein, Philip A and Carey, Michael J and Chaudhuri, Surajit and Dean, Jeffrey and Doan, AnHai and Franklin, Michael J and others},
  journal={Communications of the ACM},
  volume={59},
  number={2},
  pages={92--99},
  year={2016},
  publisher={ACM}
}

@inproceedings{Xu10b,
  title={Exploring power-performance tradeoffs in database systems},
  author={Xu, Zichen and Tu, Yi-Cheng and Wang, Xiaorui},
  booktitle={ICDE} ,
  pages={485--496},
  year={2010}
}

@techreport{Xu12,
  title = {Power Modeling in Database Mansgement Systems},
  author = {Xu, Zichen and Tu, Yi-Cheng and Wang, Xiaorui},
  number = {CSE/12-094},
  year = {2012},
  institution = {University of South Florida, Department of Computer Science and Engineering},
}

@misc{TPCE,
  howpublished = "\url{http://www.tpc.org/tpc\_energy/}"
}

@misc{SPECpowerssj2008,
  howpublished = "\url{http://www.spec.org/power\_ssj2008/}"
}

@misc{SPCBenchmark,
  howpublished = "\url{http://www.storageperformance.org/specs/}"
}

@misc{Green500,
  howpublished = "\url{https://www.top500.org/green500/}"
}

@misc{TPCH,
  howpublished = "\url{http://www.tpc.org/tpch/}"
}

@misc{TPCDS,
  howpublished = "\url{http://www.tpc.org/tpcds/}"
}

@inproceedings{Alonso92,
  title={Energy efficient query optimization},
  author={Alonso, Rafael and Ganguly, Sumit},
  booktitle={Matsushita Info Tech Lab},
  year={1992},
  organization={Citeseer}
}

@article{Lang11,
  title={Rethinking Query Processing for Energy Efficiency: Slowing Down to Win the Race.},
  author={Lang, Willis and Kandhan, Ramakrishnan and Patel, Jignesh M},
  journal={IEEE Data Eng. Bull.},
  volume={34},
  number={1},
  pages={12--23},
  year={2011}
}

@inproceedings{Kunjir12,
  title={Peak power plays in database engines},
  author={Kunjir, Mayuresh and Birwa, Puneet K and Haritsa, Jayant R},
  booktitle={EDBT},
  pages={444--455},
  year={2012},
  organization={ACM}
}

@article{Rodriguez11,
  title={Estimating power/energy consumption in database servers},
  author={Rodriguez-Martinez, Manuel and Valdivia, Harold and Seguel, Jaime and Greer, Melvin},
  journal={Procedia Computer Science},
  volume={6},
  pages={112--117},
  year={2011},
  publisher={Elsevier}
}

@inproceedings{Xu13,
  title={Dynamic Energy Estimation of Query Plans in Database Systems},
  author={Xu, Zichen and Tu, Yi-Cheng and Wang, Xiaorui},
  booktitle={ICDCS},
  pages={83--92},
  year={2013},
  organization={IEEE}
}

@inproceedings{McCullough11,
  title={Evaluating the effectiveness of model-based power characterization},
  author={McCullough, John C and Agarwal, Yuvraj and others},
  booktitle={USENIX Annual Technical Conf},
  year={2011}
}

@inproceedings{Tsirogiannis10,
  title={Analyzing the energy efficiency of a database server},
  author={Tsirogiannis, Dimitris and Harizopoulos, Stavros and Shah, Mehul A},
  booktitle={sigmod},
  pages={231--242},
  year={2010},
}

@article{Beloglazov11,
  title={A taxonomy and survey of energy-efficient data centers and cloud computing systems},
  author={Beloglazov, Anton and Buyya, Rajkumar and Lee, Young Choon and Zomaya, Albert and others},
  journal={Advances in Computers},
  volume={82},
  number={2},
  pages={47--111},
  year={2011},
  publisher={Academic Press}
}

@article{Meisner09,
  title={PowerNap: eliminating server idle power},
  author={Meisner, David and Gold, Brian T and Wenisch, Thomas F},
  journal={ACM SIGARCH Computer Architecture News},
  volume={37},
  number={1},
  pages={205--216},
  year={2009},
  publisher={ACM}
}

@misc{Sachs04,
  title={GRACE: A hierarchical adaptation framework for saving energy},
  author={Sachs, Daniel Grobe and Yuan, Wanghong and Hughes, Christopher J and Harris III, Albert F and Adve, Sarita V and Jones, Douglas L and Kravets, Robin H and Nahrstedt, Klara},
  year={2004}
}

@article{Leverich10,
  title={On the energy (in) efficiency of hadoop clusters},
  author={Leverich, Jacob and Kozyrakis, Christos},
  journal={ACM SIGOPS Operating Systems Review},
  volume={44},
  number={1},
  pages={61--65},
  year={2010},
  publisher={ACM}
}

@article{Lang10,
  title={Energy management for mapreduce clusters},
  author={Lang, Willis and Patel, Jignesh M},
  journal={Proceedings of the VLDB Endowment},
  volume={3},
  number={1-2},
  pages={129--139},
  year={2010},
  publisher={VLDB Endowment}
}

@incollection{Bohrer02,
  title={The case for power management in web servers},
  author={Bohrer, Pat and Elnozahy, Elmootazbellah N and Keller, Tom and Kistler, Michael and Lefurgy, Charles and McDowell, Chandler and Rajamony, Ram},
  booktitle={Power aware computing},
  pages={261--289},
  year={2002},
  publisher={Springer}
}

@article{Lang09,
  title={Towards eco-friendly database management systems},
  author={Lang, Willis and Patel, Jignesh},
  journal={arXiv preprint arXiv:0909.1767},
  year={2009}
}

@article{Tu14,
  title={A system for energy-efficient data management},
  author={Tu, Yi-Cheng and Wang, Xiaorui and Zeng, Bo and Xu, Zichen},
  journal={ACM SIGMOD Record},
  volume={43},
  number={1},
  pages={21--26},
  year={2014},
  publisher={ACM}
}

@article{HerodotouB11,
  author={Herodotos Herodotou and Shivnath Babu},
  title={Profiling, What-if Analysis, and Cost-based Optimization of MapReduce Programs},
  journal={PVLDB},
  volume={4},
  number={11},
  year      = {2011},
  pages     = {1111-1122}
}

@inproceedings{Manegold02,
  author    = {Stefan Manegold and Peter A. Boncz and Martin L. Kersten},
  title     = {Generic Database Cost Models for Hierarchical Memory Systems},
  booktitle = {VLDB},
  year      = {2002},
  pages     = {191-202}
}

@inproceedings{Brighen13,
  author    = {Assia Brighen and Ladjel Bellatreche and Hachem Slimani and Zo{\'e} Faget},
  title     = {An Economical Query Cost Model in the Cloud},
  booktitle = {DASFAA Workshops},
  year      = {2013},
  pages     = {16-30}
}

@inproceedings{Bellatreche13,
  author    = {Ladjel Bellatreche and
               Salmi Cheikh and
               Sebastian Bre{\ss} and
               Amira Kerkad and
               Ahc{\`e}ne Boukorca and
               Jalil Boukhobza},
  title     = {How to exploit the device diversity and database interaction
               to propose a generic cost model?},
  booktitle = {IDEAS},
  year      = {2013},
  pages     = {142-147}
}

@inproceedings{Schall13,
  author    = {Daniel Schall and
               Theo H{\"a}rder},
  title     = {Towards an Energy-Proportional Storage System using a Cluster
               of Wimpy Nodes},
  booktitle = {BTW},
  year      = {2013},
  pages     = {311-325}
}

@article{PoessN08,
  author    = {Meikel Poess and
               Raghunath Othayoth Nambiar},
  title     = {Energy cost, the key challenge of today's data centers:
               a power consumption analysis of TPC-C results},
  journal   = {PVLDB},
  volume    = {1},
  number    = {2},
  year      = {2008},
  pages     = {1229-1240}
}

@inproceedings{Poess10,
  title={Energy benchmarks: a detailed analysis},
  author={Poess, Meikel and Nambiar, Raghunath Othayoth and Vaid, Kushagra and Stephens Jr, John M and Huppler, Karl and Haines, Evan},
  booktitle={Proceedings of the 1st International Conference on Energy-Efficient Computing and Networking},
  pages={131--140},
  year={2010},
  organization={ACM}
}

@inproceedings{li12,
  title={GSLPI: A cost-based query progress indicator},
  author={Li, Jiexing and Nehme, RRV and Naughton, Jeffrey},
  booktitle={Data Engineering (ICDE), 2012 IEEE 28th International Conference on},
  pages={678--689},
  year={2012},
  organization={IEEE}
}

@inproceedings{chaudhuri04,
  title={Estimating progress of execution for SQL queries},
  author={Chaudhuri, Surajit and Narasayya, Vivek and Ramamurthy, Ravishankar},
  booktitle={ACM SIGMOD},
  pages={803--814},
  year={2004},
  organization={ACM}
}

@inproceedings{luo04,
  title={Toward a progress indicator for database queries},
  author={Luo, Gang and Naughton, Jeffrey F and Ellmann, Curt J and Watzke, Michael W},
  booktitle={Proceedings of the 2004 ACM SIGMOD international conference on Management of data},
  pages={791--802},
  year={2004},
  organization={ACM}
}

@manual{IntelOptimize14,
  author = {{Intel Corporation}},
  title = {{Intel\textsuperscript{\textregistered} 64 and IA-32 Architectures Optimization Reference Manual}},
  year = {2014},
  month = {September},
  number = {248966-030},
}

@techreport{IntelOracle14,
  title = {Oracle Exadata on Intel\textsuperscript{\textregistered} Xeon\textsuperscript{\textregistered} Processors: Extreme Performance for Enterprise Computing},
  author = {Intel and Oracle},
  year = {2011},
  type = {White Paper},
  url = {http://www.intel.co.uk/content/dam/doc/white-paper/performance-xeon-7500-xeon-5600-oracle-exadata-extreme-performance-for-enterprise-computing-brief.pdf},
}

@inproceedings{Poess07,
  title={Why you should run TPC-DS: a workload analysis},
  author={Poess, Meikel and Nambiar, Raghunath Othayoth and Walrath, David},
  booktitle={Proceedings of the 33rd international conference on Very large data bases},
  pages={1138--1149},
  year={2007},
  organization={VLDB Endowment}
}

@inproceedings{Nambiar06,
  title={The making of TPC-DS},
  author={Nambiar, Raghunath Othayoth and Poess, Meikel},
  booktitle={Proceedings of the 32nd international conference on Very large data bases},
  pages={1049--1058},
  year={2006},
  organization={VLDB Endowment}
}

@article{Harizopoulos09,
  title={Energy efficiency: The new holy grail of data management systems research},
  author={Harizopoulos, Stavros and Shah, Mehul and Meza, Justin and Ranganathan, Parthasarathy},
  journal={arXiv preprint arXiv:0909.1784},
  year={2009}
}

@inproceedings{Graefe08,
  title={Database servers tailored to improve energy efficiency},
  author={Graefe, Goetz},
  booktitle={EDBT},
  pages={24--28},
  year={2008},
  organization={ACM}
}

@misc{SMARTer12,
  author = {Global e-Sustainability Initiative and the Boston Consulting Group, Inc.},
  title = {GeSI SMARTer 2020: The Role of ICT in Driving a Sustainable Future},
  howpublished = {Press Release},
  month = {December},
  year = {2012}
}

@misc{Barielle11,
  author = {Scott Barielle},
  title = {Calculating TCO for Energy},
  howpublished = {IBM Systems Magazine, \url{http://www.ibmsystemsmag.com/mainframe/Business-Strategy/ROI/energy_estimating/}},
  month = {November},
  year = {2011},
  url = {http://www.ibmsystemsmag.com/mainframe/Business-Strategy/ROI/energy_estimating/}
}

@misc{Koomey11a,
  author = {Jonathan Koomey},
  title = {Growth in Data Center Electricity Use 2005 to 2010},
  howpublished = {Analytics Press, \url{http://www.analyticspress.com/datacenters.html}},
  month = {August},
  year = {2011},
  url = {http://www.analyticspress.com/datacenters.html}
}

@article{Koomey11,
  title={Growth in data center electricity use 2005 to 2010},
  author={Koomey, Jonathan},
  journal={A report by Analytical Press, completed at the request of The New York Times},
  pages={9},
  year={2011}
}

@misc{NRDC14,
  author = {The Natural Resources Defense Council},
  title = {Scaling Up Energy Efficiency Across the Data Center Industry: Evaluating Key Drivers and Barriers},
  howpublished = {Issue Paper, \url{http://www.nrdc.org/energy/files/data-center-efficiency-assessment-IP.pdf}},
  month = {August},
  year = {2014},
  url = {http://www.nrdc.org/energy/files/data-center-efficiency-assessment-IP.pdf}
}

@incollection{Neil09,
  title={The star schema benchmark and augmented fact table indexing},
  author={O’Neil, Patrick and O’Neil, Elizabeth and Chen, Xuedong and Revilak, Stephen},
  booktitle={Performance evaluation and benchmarking},
  pages={237--252},
  year={2009},
  publisher={Springer}
}

@inproceedings{Gupta99,
  title={Selection of views to materialize under a maintenance cost constraint},
  author={Gupta, Himanshu and Mumick, Inderpal Singh},
  booktitle={International Conference on Database Theory},
  pages={453--470},
  year={1999},
  organization={Springer}
}

@inproceedings{Yang97,
  title={Algorithms for materialized view design in data warehousing environment},
  author={Yang, Jian and Karlapalem, Kamalakar and Li, Qing},
  booktitle={VLDB},
  pages={25--29},
  year={1997}
}

@inproceedings{Boukorca13,
  title={Sonic: Scalable multi-query optimization through integrated circuits},
  author={Boukorca, Ahc{\`e}ne and Bellatreche, Ladjel and Senouci, Sid-Ahmed Benali and Faget, Zo{\'e}},
  booktitle={Database and Expert Systems Applications},
  pages={278--292},
  year={2013},
  organization={Springer}
}

@article{Boukorca15,
  title={Coupling Materialized View Selection to Multi Query Optimization: Hyper Graph Approach},
  author={Boukorca, Ahcene and Bellatreche, Ladjel and Senouci, Sid-Ahmed Benali and Faget, Zo{\'e}},
  journal={International Journal of Data Warehousing and Mining (IJDWM)},
  volume={11},
  number={2},
  pages={62--84},
  year={2015},
  publisher={IGI Global}
}

@book{Mitchell98,
  title={An introduction to genetic algorithms},
  author={Mitchell, Melanie},
  year={1998},
  publisher={MIT press}
}

@book{Zitzler99,
  title={Evolutionary algorithms for multiobjective optimization: Methods and applications},
  author={Zitzler, Eckart},
  volume={63},
  year={1999},
  publisher={Citeseer}
}

@article{Yu03,
  title={Materialized view selection as constrained evolutionary optimization},
  author={Yu, Jeffrey Xu and Yao, Xin and Choi, Chi-Hon and Gou, Gang},
  journal={Systems, Man, and Cybernetics, Part C: Applications and Reviews, IEEE Transactions on},
  volume={33},
  number={4},
  pages={458--467},
  year={2003},
  publisher={IEEE}
}

@article{Zhang01,
  title={An evolutionary approach to materialized views selection in a data warehouse environment},
  author={Zhang, Chuan and Yao, Xin and Yang, Jian},
  journal={Systems, Man, and Cybernetics, Part C: Applications and Reviews, IEEE Transactions on},
  volume={31},
  number={3},
  pages={282--294},
  year={2001},
  publisher={IEEE}
}

@inproceedings{Lawrence06,
  title={Multiobjective genetic algorithms for materialized view selection in olap data warehouses},
  author={Lawrence, Michael},
  booktitle={Proceedings of the 8th annual conference on Genetic and evolutionary computation},
  pages={699--706},
  year={2006},
  organization={ACM}
}

@book{Connolly05,
  title={Database systems: a practical approach to design, implementation, and management},
  author={Connolly, Thomas M and Begg, Carolyn E},
  year={2005},
  publisher={Pearson Education}
}

@inproceedings{Borzsony01,
  title={The skyline operator},
  author={Borzsony, S and Kossmann, Donald and Stocker, Konrad},
  booktitle={ICDE},
  pages={421--430},
  year={2001}
}

@inproceedings{Roukh15a,
  title={Eco-processing of olap complex queries},
  author={Roukh, Amine and Bellatreche, Ladjel},
  booktitle={International Conference on Big Data Analytics and Knowledge Discovery},
  pages={229--242},
  year={2015},
  publisher={Springer}
}

@inproceedings{Roukh15b,
  title={Estimating power consumption of batch query workloads},
  author={Roukh, Amine},
  booktitle={International Conference on Model and Data Engineering},
  pages={198--212},
  year={2015},
  publisher={Springer}
}

@inproceedings{Roukh15c,
  title={Eco-DMW: Eco-design methodology for data warehouses},
  author={Roukh, Amine and Bellatreche, Ladjel and Boukorca, Ahc{\`e}ne and Bouarar, Selma},
  booktitle={Proceedings of the ACM Eighteenth International Workshop on Data Warehousing and OLAP},
  pages={1--10},
  year={2015},
  organization={ACM}
}

@inproceedings{Roukh16a,
  title={EnerQuery: Energy-Aware Query Processing},
  author={Roukh, Amine and Bellatreche, Ladjel and Ordonez, Carlos},
  booktitle={Proceedings of the 25th ACM International on Conference on Information and Knowledge Management},
  year={2016},
  pages = {2465--2468},
  organization={ACM}
}

@inproceedings{Roukh16b,
  title={Energy-Aware Query Processing on Parallel Database Cluster Nodes},
  author={Roukh, Amine and Bellatreche, Ladjel and and Tziritas, Nikos and Ordonez, Carlos},
  booktitle={International Conference on Algorithms and Architectures for Parallel Processing},
  year={2016},
  pages={260--269},
  publisher={Springer}
}

@article{Roukh17,
  title={Eco-Physic: Eco-Physical Design Initiative for Very Large Databases},
  author={Roukh, Amine and Bellatreche, Ladjel and Boukorca, Ahc{\`e}ne and Bouarar, Selma},
  journal={Information Systems},
  year={2017},
  pages={44--62},
  volume={68},
  issn = {0306-4379},
  publisher={Elsevier}
}

@inproceedings{Ouared16,
  title={A Meta-advisor Repository for Database Physical Design},
  author={Ouared, Abdelkader and Ouhammou, Yassine and Roukh, Amine},
  booktitle={International Conference on Model and Data Engineering},
  pages={72--87},
  year={2016},
  organization={Springer}
}

@inproceedings{Bouarar17,
  title={Eco-Data Warehouse Design Through Logical Variability},
  author={Bouarar, Selma and Bellatreche, Ladjel and Roukh, Amine},
  booktitle={International Conference on Current Trends in Theory and Practice of Informatics},
  year={2017},
  pages={436--449},
  organization={Springer}
}

@article{Mami12,
	author    = {Imene Mami and
	Zohra Bellahsene},
	title     = {A survey of view selection methods},
	journal   = {{SIGMOD} Record},
	volume    = {41},
	number    = {1},
	pages     = {20--29},
	year      = {2012}
}

@article{ElghandourAZZ13,
	author    = {Iman Elghandour and
	Ashraf Aboulnaga and
	Daniel C. Zilio and
	Calisto Zuzarte},
	title     = {Recommending {XML} physical designs for {XML} databases},
	journal   = {{VLDB} Journal},
	volume    = {22},
	number    = {4},
	pages     = {447--470},
	year      = {2013}
}

@inproceedings{ChaudhuriN07,
author    = {Surajit Chaudhuri and Vivek R. Narasayya},
title     = {Self-Tuning Database Systems: A Decade of Progress},
booktitle = {VLDB},
pages     = {3--14},
year      = {2007}
}

@article{Zhou2011,
author    = {Aimin Zhou and
Bo{-}Yang Qu and
Hui Li and
Shi{-}Zheng Zhao and
Ponnuthurai Nagaratnam Suganthan and
Qingfu Zhang},
title     = {Multiobjective evolutionary algorithms: {A} survey of the state of
the art},
journal   = {Swarm and Evolutionary Computation, Elsevier},
volume    = {1},
number    = {1},
pages     = {32--49},
year      = {2011}
}

@inproceedings{Ross96,
  title={Materialized view maintenance and integrity constraint checking: Trading space for time},
  author={Ross, Kenneth A and Srivastava, Divesh and Sudarshan, S},
  booktitle={ACM SIGMOD Record},
  volume={25},
  number={2},
  pages={447--458},
  year={1996},
  organization={ACM}
}

%%%%%%

@misc{NRDC14b,
  author = {The Natural Resources Defense Council},
  title = {America's Data Centers Consuming and Wasting Growing Amounts of Energy},
  //howpublished = {Issue Paper, \url{http://www.nrdc.org/energy/files/data-center-efficiency-assessment-IB.pdf}},
  howpublished = {Issue Paper, \url{http://www.nrdc.org/}},
  month = {August},
  year = {2014},
  url = {http://www.nrdc.org/energy/files/data-center-efficiency-assessment-IB.pdf}
}

@inproceedings{Chaudhuri98,
  title={An overview of query optimization in relational systems},
  author={Chaudhuri, Surajit},
  booktitle={ACM SIGACT-SIGMOD-SIGART},
  pages={34--43},
  year={1998},
  organization={ACM}
}

@incollection{Harder11,
  title={Energy efficiency is not enough, energy proportionality is needed!},
  author={H{\"a}rder, Theo and Hudlet, Volker and Ou, Yi and Schall, Daniel},
  booktitle={Database Systems for Adanced Applications},
  pages={226--239},
  year={2011},
  publisher={Springer}
}

@inproceedings{Rofouei08,
  title={Energy-aware high performance computing with graphic processing units},
  author={Rofouei, Mahsan and Stathopoulos, Thanos and Ryffel, Sebi and Kaiser, William and Sarrafzadeh, Majid},
  booktitle={Workshop on power aware computing and system},
  year={2008}
}

@inproceedings{Schall10,
  title={Enhancing energy efficiency of database applications using SSDs},
  author={Schall, Daniel and Hudlet, Volker and H{\"a}rder, Theo},
  booktitle={Proceedings of the Third C* Conference on Computer Science and Software Engineering},
  pages={1--9},
  year={2010},
  organization={ACM}
}

@inproceedings{Do13,
  title={Query processing on smart SSDs: opportunities and challenges},
  author={Do, Jaeyoung and Kee, Yang-Suk and others},
  booktitle={ACM SIGMOD},
  pages={1221--1230},
  year={2013},
  organization={ACM}
}

@book{Simkovics98,
  title={Enhancement of the ANSI SQL Implementation of PostgreSQL},
  author={Simkovics, Stefan and Petersgasse, Paul},
  year={1998},
  publisher={na}
}

@techreport{Emerson07,
  title = {Five Strategies for Cutting Data Center Energy Costs Through Enhanced Cooling Efficiency},
  author = {Emerson Liebert},
  year = {2007},
  type = {White Paper},
  url = {http://www.emersonnetworkpower.com/documentation/en-us/brands/liebert/documents/white%20papers/data-center-energy-efficiency_151-47.pdf},
}

@article{Kant09,
  title={Data center evolution: A tutorial on state of the art, issues, and challenges},
  author={Kant, Krishna},
  journal={Computer Networks},
  volume={53},
  number={17},
  pages={2939--2965},
  year={2009},
  publisher={Elsevier}
}

@article{Sjalander14,
  title={Power-Efficient Computer Architectures: Recent Advances},
  author={Sj{\"a}lander, Magnus and Martonosi, Margaret and Kaxiras, Stefanos},
  journal={Synthesis Lectures on Computer Architecture},
  volume={9},
  number={3},
  pages={1--96},
  year={2014},
  publisher={Morgan \& Claypool Publishers}
}

@article{Bowers00,
  title={The Science of Energy: A Cultural History of Energy Physics in Victorian Britain (review)},
  author={Bowers, Brian},
  journal={Technology and Culture},
  volume={41},
  number={2},
  pages={362--363},
  year={2000},
  publisher={The Johns Hopkins University Press}
}

@book{Ronneau04,
  title={{\'E}nergie, pollution de l'air et d{\'e}veloppement durable},
  author={Ronneau, Claude},
  volume={1},
  year={2004},
  publisher={Presses univ. de Louvain}
}

@techreport{Sergey09,
  title = {Oracle: Real-Time SQL Monitoring},
  author = {Sergey, Koltakov},
  year = {December 2009},
  type = {White Paper},
  url = {http://www.oracle.com/technetwork/database/manageability/owp-sql-monitoring-128746.pdf}
}

@techreport{Agarwal09,
  title = {Troubleshooting Performance Problems in SQL Server 2008},
  author = {Sunil, Agarwal and Boris, Baryshnikov and Keith, Elmore and Juergen, Thomas and Kun, Cheng and Burzin, Patel},
  year = {March 2009},
  type = {White Paper},
  url = {http://download.microsoft.com/download/D/B/D/DBDE7972-1EB9-470A-BA18-58849DB3EB3B/TShootPerfProbs2008.docx}
}

@techreport{MySQL10,
  title = {MySQL Enterprise Monitor and Query Analyzer Feature},
  author = {Oracle},
  year = {April 2010},
  type = {White Paper},
  url = {http://www.oracle.com/us/products/mysql/mysql-enterprise-m-q-a-wp-067591.pdf}
}

@book{Montgomery12,
  title={Introduction to linear regression analysis},
  author={Montgomery, Douglas C and Peck, Elizabeth A and Vining, G Geoffrey},
  volume={821},
  year={2012},
  publisher={John Wiley \& Sons}
}

@book{Kutner04,
  title={Applied linear regression models},
  author={Kutner, Michael H and Nachtsheim, Chris and Neter, John},
  year={2004},
  publisher={McGraw-Hill/Irwin}
}

@book{Neter96,
  title={Applied linear statistical models},
  author={Neter, John and Kutner, Michael H and Nachtsheim, Christopher J and Wasserman, William},
  volume={4},
  year={1996},
  publisher={Irwin Chicago}
}

@book{Cornillon10,
  title={R{\'e}gression avec R},
  author={Cornillon, Pierre-Andr{\'e} and Matzner-Lober, Eric},
  year={2010},
  publisher={Springer Science \& Business Media}
}

@misc{Faraway02,
  title={Practical regression and ANOVA using R.},
  author={Faraway, Julian J},
  year={2002},
  publisher={University of Bath}
}

@article{Ihaka96,
  title={R: a language for data analysis and graphics},
  author={Ihaka, Ross and Gentleman, Robert},
  journal={Journal of computational and graphical statistics},
  volume={5},
  number={3},
  pages={299--314},
  year={1996},
  publisher={Taylor \& Francis}
}

@article{Rivoire08,
  title={A Comparison of High-Level Full-System Power Models.},
  author={Rivoire, Suzanne and Ranganathan, Parthasarathy and Kozyrakis, Christos},
  journal={HotPower},
  volume={8},
  pages={3--3},
  year={2008}
}

@phdthesis{Rivoire08phd,
  title={Models and metrics for energy-efficient computer systems},
  author={Rivoire, Suzanne Marion},
  year={2008},
  school={Stanford University}
}

@phdthesis{Boukhalfa09Phd,
  title={De la conception physique aux outils d’administration et de tuning des entrep{\^o}ts de donn{\'e}es},
  author={Boukhalfa, Kamel},
  year={2009},
  school={Citeseer}
}

@book{Kerkad12a,
  title={Queen-bee: Query interaction-aware for buffer allocation and scheduling problem},
  author={Kerkad, Amira and Bellatreche, Ladjel and Geniet, Dominique},
  year={2012},
  publisher={Springer}
}

@inproceedings{Bouchakri11a,
  title={On simplifying integrated physical database design},
  author={Bouchakri, Rima and Bellatreche, Ladjel},
  booktitle={Advances in Databases and Information Systems},
  pages={333--346},
  year={2011},
  organization={Springer}
}

@Article {Bruno11,
author       = {Nicolas Bruno and Surajit Chaudhuri and Arnd Christian K{\"o}nig and Vivek Narasayya
                and Ravi Ramamurthy and Manoj Syamala},
journal      = {Bulletin of the IEEE Computer Society Technical Committee on Data Engineering},
month        = {December},
publisher    = {IEEE Computer Society},
title        = {AutoAdmin Project at Microsoft Research: Lessons Learned},
url          = {http://research.microsoft.com/apps/pubs/default.aspx?id=156989},
year         = {2011},
}

@inproceedings{Chaudhuri97,
  title={An efficient, cost-driven index selection tool for Microsoft SQL server},
  author={Chaudhuri, Surajit and Narasayya, Vivek R},
  booktitle={VLDB},
  volume={97},
  pages={146--155},
  year={1997},
  organization={Citeseer}
}

@inproceedings{Ahmad11,
  title={Predicting completion times of batch query workloads using interaction-aware models and simulation},
  author={Ahmad, Mumtaz and Duan, Songyun and others},
  booktitle={EDBT},
  pages={449--460},
  year={2011},
  organization={ACM}
}

@inproceedings{Siksnys12,
	author={Siksnys, Laurynas and Thomsen, Christian and Pedersen, Torben Bach},
	title={MIRABEL DW: Managing Complex Energy Data in a Smart Grid},
	booktitle={DaWaK},
	year={2012},
	pages={443--457},
}

@inproceedings{Mistry01,
  title={Materialized view selection and maintenance using multi-query optimization},
  author={Mistry, Hoshi and Roy, Prasan and Sudarshan, S and Ramamritham, Krithi},
  booktitle={ACM SIGMOD Record},
  volume={30},
  number={2},
  pages={307--318},
  year={2001},
  organization={ACM}
}

@book{Hwang79,
  title={Multiple Objective Decision Making - Methods and Applications: A State-of-the-Art Survey},
  author={Hwang, C-L and Masud, Abu Syed Md},
  volume={164},
  year={1979},
  publisher={Springer-Verlag Berlin Heidelberg}
}

@inproceedings{Xu13b,
  title={Power-Aware Throughput Control for Database Management Systems.},
  author={Xu, Zichen and Wang, Xiaorui and Tu, Yi-Cheng},
  booktitle={ICAC},
  pages={315--324},
  year={2013}
}

@article{Woods14,
  title={Ibex: an intelligent storage engine with support for advanced SQL offloading},
  author={Woods, Louis and Istv{\'a}n, Zsolt and Alonso, Gustavo},
  journal={Proceedings of the VLDB Endowment},
  volume={7},
  number={11},
  pages={963--974},
  year={2014},
  publisher={VLDB Endowment}
}

@book{Hurson16,
  title={Energy Efficiency in Data Centers and Clouds},
  author={Hurson, Ali and Azad, Hamid},
  year={2016},
  publisher={Academic Press}
}

@inproceedings{Behzadnia16,
  author={Behzadnia, Peyman and Yuan, Wei and Zeng, Bo and Tu, Yi-Cheng and Wang, Xiaorui},
  title={Dynamic Power-Aware Disk Storage Management in Database Servers},
  bookTitle={DEXA},
  year={2016},
  publisher={Springer International Publishing},
  pages={315--325},
}

@inproceedings{Cheong12,
  title={Database processing performance and energy efficiency evaluation of DDR-SSD and HDD storage system based on the TPC-C},
  author={Cheong, Seung-Kook and Lim, CheolSu and Cho, Byung-Cheol},
  booktitle={Cloud Computing and Social Networking (ICCCSN), 2012 International Conference on},
  pages={1--3},
  year={2012},
  organization={IEEE}
}

@inproceedings{Korkmaz15,
  title={Towards Dynamic Green-Sizing for Database Servers},
  author={Korkmaz, Mustafa and Karyakin, Alexey and Karsten, Martin and Salem, Kenneth},
  booktitle = {International Workshop on Accelerating Data Management Systems Using
               Modern Processor and Storage Architectures (ADMS)},
  pages     = {25--36},
  year={2015}
}

@inproceedings{Hassan15,
  title={Energy-Efficient In-Memory Data Stores on Hybrid Memory Hierarchies},
  author={Hassan, Ahmad and Vandierendonck, Hans and Nikolopoulos, Dimitrios S},
  booktitle={Proceedings of the 11th International Workshop on Data Management on New Hardware},
  pages={1},
  year={2015},
  organization={ACM}
}

@inproceedings{Appuswamy15,
  title={Scaling the Memory Power Wall With DRAM-Aware Data Management},
  author={Appuswamy, Raja and Olma, Matthaios and Ailamaki, Anastasia},
  booktitle={Proceedings of the 11th International Workshop on Data Management on New Hardware},
  pages={3},
  year={2015},
  organization={ACM}
}

@article{Lang12,
  title={Towards energy-efficient database cluster design},
  author={Lang, Willis and Harizopoulos, Stavros and Patel, Jignesh M and Shah, Mehul A and Tsirogiannis, Dimitris},
  journal={Proceedings of the VLDB Endowment},
  volume={5},
  number={11},
  pages={1684--1695},
  year={2012},
  publisher={VLDB Endowment}
}

@inproceedings{Psaroudakis14,
  title={Dynamic fine-grained scheduling for energy-efficient main-memory queries},
  author={Psaroudakis, Iraklis and Kissinger, Thomas and Porobic, Danica and Ilsche, Thomas and Liarou, Erietta and T{\"o}z{\"u}n, P{\i}nar and Ailamaki, Anastasia and Lehner, Wolfgang},
  booktitle={Proceedings of the Tenth International Workshop on Data Management on New Hardware},
  pages={1},
  year={2014},
  organization={ACM}
}

@inproceedings{Pisharath04,
  title={Energy management schemes for memory-resident database systems},
  author={Pisharath, Jayaprakash and Choudhary, Alok and Kandemir, Mahmut},
  booktitle={Proceedings of the thirteenth ACM international conference on Information and knowledge management},
  pages={218--227},
  year={2004},
  organization={ACM}
}

@inproceedings{Kang08,
  title={Power-Aware Data Buffer Cache Management in Real-Time Embedded Databases},
  author={Kang, Woochul and Son, Sang H and Stankovic, John A},
  booktitle={Embedded and Real-Time Computing Systems and Applications, 2008. RTCSA'08. 14th IEEE International Conference on},
  pages={35--44},
  year={2008},
  organization={IEEE}
}

@article{Schall14,
  title={WattDB-A Journey towards Energy Efficiency},
  author={Schall, Daniel and H{\"a}rder, Theo},
  journal={Datenbank-Spektrum},
  volume={14},
  number={3},
  pages={183--198},
  year={2014},
  publisher={Springer}
}

@article{Fischer13,
  title={Towards integrated data analytics: Time series forecasting in DBMS},
  author={Fischer, Ulrike and Dannecker, Lars and Siksnys, Laurynas and Rosenthal, Frank and Boehm, Matthias and Lehner, Wolfgang},
  journal={Datenbank-Spektrum},
  volume={13},
  number={1},
  pages={45--53},
  year={2013},
  publisher={Springer}
}

@inproceedings{Fusco16,
  title={Data Management System for Energy Analytics and its Application to Forecasting},
  author={Fusco, Francesco and Fischer, Ulrike and Lonij, Vincent and Pompey, Pascal and Fiot, Jean-Baptiste and Chen, Bei and Gkoufas, Yiannis and Sinn, Mathieu},
  booktitle={Joint EDBT/ICDT PhD workshop},
  year={2016}
}

@misc{Silipo13,
  author = {Silipo, Rosaria and Winters, Phil},
  title = {Big Data, Smart Energy, and Predictive Analytics},
  howpublished = {White Paper, \url{https://www.knime.org/files/knime_bigdata_energy_timeseries_whitepaper.pdf}},
  year = {2013 (accessed 06.04.16)},
}

@article{Khalefa12,
  title={Model-based integration of past \& future in TimeTravel},
  author={Khalefa, Mohamed E and Fischer, Ulrike and Pedersen, Torben Bach and Lehner, Wolfgang},
  journal={Proceedings of the VLDB Endowment},
  volume={5},
  number={12},
  pages={1974--1977},
  year={2012},
  publisher={VLDB Endowment}
}

@article{Bachman73,
  title={The programmer as navigator},
  author={Bachman, Charles W},
  journal={Communications of the ACM},
  volume={16},
  number={11},
  pages={653--658},
  year={1973},
  publisher={ACM}
}

@article{IMS20360,
  title={360--Application Description Manual},
  author={IMS, IBM},
  journal={GH-20.0765, IBM, White Plains, New York}
}

@techreport{Warren75,
  title={Feature analysis of codasyl data base management systems},
  author={Warren, Tom},
  year={1975},
  institution={DTIC Document}
}

@article{Codd70,
  title={A relational model of data for large shared data banks},
  author={Codd, Edgar F},
  journal={Communications of the ACM},
  volume={13},
  number={6},
  pages={377--387},
  year={1970},
  publisher={ACM}
}

@article{Chamberlin81,
  title={A history and evaluation of System R},
  author={Chamberlin, Donald D and Astrahan, Morton M and Blasgen, Michael W and Gray, James N and King, W Frank and Lindsay, Bruce G and Lorie, Raymond and Mehl, James W and Price, Thomas G and Putzolu, Franco and others},
  journal={Communications of the ACM},
  volume={24},
  number={10},
  pages={632--646},
  year={1981},
  publisher={ACM}
}

@book{Maier86,
  title={Development of an object-oriented DBMS},
  author={Maier, David and Stein, Jacob and Otis, Allen and Purdy, Alan},
  volume={21},
  number={11},
  year={1986},
  publisher={ACM}
}

@book{Chaudhri03,
  title={XML data management: native XML and XML enabled DataBase systems},
  author={Chaudhri, Akmal and Zicari, Roberto and Rashid, Awais},
  year={2003},
  publisher={Addison-Wesley Longman Publishing Co., Inc.}
}

@article{Stonebraker12,
  title={NewSQL: An Alternative to NoSQL and Old SQL for New OLTP Apps},
  author={Stonebraker, Michael},
  journal={Communications of the ACM. Retrieved},
  pages={07--06},
  year={2012}
}

@article{Stonebraker10,
  title={SQL databases v. NoSQL databases},
  author={Stonebraker, Michael},
  journal={Communications of the ACM},
  volume={53},
  number={4},
  pages={10--11},
  year={2010},
  publisher={ACM}
}

@article{Chu07,
  title={Introducing databases, Health informatics : transforming healthcare with technology},
  author={Stephen Chu, in Conrick, Moya},
  journal={JOURNAL OF TELEMEDICINE AND TELECARE},
  volume={13},
  number={1},
  pages={60},
  year={2007},
  publisher={ROYAL SOC MEDICINE PRESS LTD 1 WIMPOLE STREET, LONDON W1G 0AE, ENGLAND}
}

@article{Date99,
  title={When's an extension not an extension?},
  author={Date, CJ},
  journal={Intelligent Enterprise},
  volume={2},
  number={8},
  year={1999}
}

@article{Chen1976,
  title={The entity-relationship model—toward a unified view of data},
  author={Chen, Peter Pin-Shan},
  journal={ACM Transactions on Database Systems (TODS)},
  volume={1},
  number={1},
  pages={9--36},
  year={1976},
  publisher={ACM}
}

@book{Gardarin03,
  title={Bases de donn{\'e}es},
  author={Gardarin, Georges},
  year={2003},
  publisher={Editions Eyrolles}
}

@book{Coronel09,
  title={Database Systems: Design, Implementation, and Management},
  author={Coronel, C. and Morris, S. and Rob, P.},
  isbn={9780538469685},
  lccn={2009936683},
  series={Bpa Series},
  year={2009},
  publisher={Cengage Learning}
}

@article{Zave97,
  title={Classification of research efforts in requirements engineering},
  author={Zave, Pamela},
  journal={ACM Computing Surveys (CSUR)},
  volume={29},
  number={4},
  pages={315--321},
  year={1997},
  publisher={ACM}
}

@book{Chung12,
  title={Non-functional requirements in software engineering},
  author={Chung, Lawrence and Nixon, Brian A and Yu, Eric and Mylopoulos, John},
  volume={5},
  year={2012},
  publisher={Springer Science \& Business Media}
}

@inproceedings{Nuseibeh00,
  title={Requirements engineering: a roadmap},
  author={Nuseibeh, Bashar and Easterbrook, Steve},
  booktitle={Proceedings of the Conference on the Future of Software Engineering},
  pages={35--46},
  year={2000},
  organization={ACM}
}

@inproceedings{Siegmund08,
  title={Measuring non-functional properties in software product line for product derivation},
  author={Siegmund, Norbert and Rosenm{\"u}ller, Marko and Kuhlemann, Martin and K{\"a}stner, Christian and Saake, Gunter},
  booktitle={2008 15th Asia-Pacific Software Engineering Conference},
  pages={187--194},
  year={2008},
  organization={IEEE}
}

@book{Elmasri08,
  title={Fundamentals of database systems},
  author={Elmasri, Ramez},
  year={2008},
  publisher={Pearson Education India}
}

@book{Lightstone10,
  title={Physical Database Design: the database professional's guide to exploiting indexes, views, storage, and more},
  author={Lightstone, Sam S and Teorey, Toby J and Nadeau, Tom},
  year={2010},
  publisher={Morgan Kaufmann}
}

@phdthesis{BellatrecheHdr09,
 author={Bellatreche Ladjel},
 title={Contributions à la Conception et l’Exploitation des Systèmes d’Intégration de Données},
 year={2009}
}

@article{Chaudhuri97b,
  title={An overview of data warehousing and OLAP technology},
  author={Chaudhuri, Surajit and Dayal, Umeshwar},
  journal={ACM Sigmod record},
  volume={26},
  number={1},
  pages={65--74},
  year={1997},
  publisher={ACM}
}

@inproceedings{Gupta97,
  title={Selection of views to materialize in a data warehouse},
  author={Gupta, Himanshu},
  booktitle={International Conference on Database Theory},
  pages={98--112},
  year={1997},
  organization={Springer}
}

@article{Kalnis02,
  title={View selection using randomized search},
  author={Kalnis, Panos and Mamoulis, Nikos and Papadias, Dimitris},
  journal={Data \& Knowledge Engineering},
  volume={42},
  number={1},
  pages={89--111},
  year={2002},
  publisher={Elsevier}
}

@inproceedings{Mami11,
  title={Modeling view selection as a constraint satisfaction problem},
  author={Mami, Imene and Coletta, Remi and Bellahsene, Zohra},
  booktitle={International Conference on Database and Expert Systems Applications},
  pages={396--410},
  year={2011},
  organization={Springer}
}

@incollection{Mami16,
  title={A Constraint Optimization Method for Large-Scale Distributed View Selection},
  author={Mami, Imene and Bellahsene, Zohra and Coletta, Remi},
  booktitle={Transactions on Large-Scale Data-and Knowledge-Centered Systems XXV},
  pages={71--108},
  year={2016},
  publisher={Springer}
}

@article{Kehua14,
  title={A dynamic materialized view Selection in a Cloud-based Data Warehouse},
  author={Kehua, Yang and Diasse, Abdoullahi},
  journal={IJCSI International Journal of Computer Science Issues},
  volume={11},
  number={2},
  pages={1694--0814},
  year={2014}
}

@inproceedings{Kotidis99,
  title={DynaMat: a dynamic view management system for data warehouses},
  author={Kotidis, Yannis and Roussopoulos, Nick},
  booktitle={ACM SIGMOD Record},
  volume={28},
  number={2},
  pages={371--382},
  year={1999},
  organization={ACM}
}

@inproceedings{Harinarayan96,
  title={Implementing data cubes efficiently},
  author={Harinarayan, Venky and Rajaraman, Anand and Ullman, Jeffrey D},
  booktitle={ACM SIGMOD Record},
  volume={25},
  number={2},
  pages={205--216},
  year={1996},
  organization={ACM}
}

@inproceedings{Ligoudistianos98,
  title={Experimental evaluation of data warehouse configuration algorithms},
  author={Ligoudistianos, Spyros and Theodoratos, Dimitri and Sellis, Timos},
  booktitle={Database and Expert Systems Applications, 1998. Proceedings. Ninth International Workshop on},
  pages={218--223},
  year={1998},
  organization={IEEE}
}

@inproceedings{Theodoratos97,
  title={Data warehouse configuration},
  author={Theodoratos, Dimitri and Sellis, Timos and others},
  booktitle={VLDB},
  volume={97},
  pages={126--135},
  year={1997}
}

@inproceedings{Agrawal00,
  title={Automated Selection of Materialized Views and Indexes in SQL Databases.},
  author={Agrawal, Sanjay and Chaudhuri, Surajit and Narasayya, Vivek R},
  booktitle={VLDB},
  volume={2000},
  pages={496--505},
  year={2000}
}

@inproceedings{Chaves09,
  title={Towards materialized view selection for distributed databases},
  author={Chaves, Leonardo Weiss F and Buchmann, Erik and Hueske, Fabian and B{\"o}hm, Klemens},
  booktitle={Proceedings of the 12th International Conference on Extending Database Technology: Advances in Database Technology},
  pages={1088--1099},
  year={2009},
  organization={ACM}
}

@book{Gupta95,
  title={Adapting materialized views after redefinitions},
  author={Gupta, Ashish and Mumick, Inderpal S and Ross, Kenneth A},
  volume={24},
  number={2},
  year={1995},
  publisher={ACM}
}

@article{Gupta95b,
  title={Maintenance of materialized views: Problems, techniques, and applications},
  author={Gupta, Ashish and Mumick, Inderpal Singh and others},
  journal={IEEE Data Eng. Bull.},
  volume={18},
  number={2},
  pages={3--18},
  year={1995}
}

@inproceedings{Mohania97,
  title={Incremental maintenance of materialized views},
  author={Mohania, Mukesh and Konomi, Shin'ichi and Kambayashi, Yahiko},
  booktitle={International Conference on Database and Expert Systems Applications},
  pages={551--560},
  year={1997},
  organization={Springer}
}

@article{Halevy01,
  title={Answering queries using views: A survey},
  author={Halevy, Alon Y},
  journal={The VLDB Journal},
  volume={10},
  number={4},
  pages={270--294},
  year={2001},
  publisher={Springer}
}

@inproceedings{Levy95,
  title={Answering queries using views},
  author={Levy, Alon Y and Mendelzon, Alberto O and Sagiv, Yehoshua},
  booktitle={Proceedings of the fourteenth ACM SIGACT-SIGMOD-SIGART symposium on Principles of database systems},
  pages={95--104},
  year={1995},
  organization={ACM}
}

@inproceedings{Chaudhuri95,
  title={Optimizing Queries with Materialized Views.},
  author={Chaudhuri, Surajit and Krishnamurthy, Ravi and Potamianos, Spyros and Shim, Kyuseok},
  booktitle={icde},
  volume={1995},
  pages={190--200},
  year={1995},
  organization={Citeseer}
}

@inproceedings{Goldstein01,
  title={Optimizing queries using materialized views: a practical, scalable solution},
  author={Goldstein, Jonathan and Larson, Per-{\AA}ke},
  booktitle={ACM SIGMOD Record},
  volume={30},
  number={2},
  pages={331--342},
  year={2001},
  organization={ACM}
}

@inproceedings{Zaharioudakis00,
  title={Answering complex SQL queries using automatic summary tables},
  author={Zaharioudakis, Markos and Cochrane, Roberta and Lapis, George and Pirahesh, Hamid and Urata, Monica},
  booktitle={ACM SiGMOD Record},
  volume={29},
  number={2},
  pages={105--116},
  year={2000},
  organization={ACM}
}

@book{GarciaMolina08,
 author = {Garcia-Molina, Hector and Ullman, Jeffrey D. and Widom, Jennifer},
 title = {Database Systems: The Complete Book},
 year = {2008},
 isbn = {9780131873254},
 edition = {2},
 publisher = {Prentice Hall Press},
 address = {Upper Saddle River, NJ, USA},
}

@inproceedings{Selinger79,
  title={Access path selection in a relational database management system},
  author={Selinger, P Griffiths and Astrahan, Morton M and Chamberlin, Donald D and Lorie, Raymond A and Price, Thomas G},
  booktitle={Proceedings of the 1979 ACM SIGMOD international conference on Management of data},
  pages={23--34},
  year={1979},
  organization={ACM}
}

@book{Freytag87,
  title={A rule-based view of query optimization},
  author={Freytag, Johann Christoph},
  volume={16},
  number={3},
  year={1987},
  publisher={ACM}
}

@book{Ozsu11,
  title={Principles of distributed database systems},
  author={{\"O}zsu, M Tamer and Valduriez, Patrick},
  year={2011},
  publisher={Springer Science \& Business Media}
}

@book{Taniar08,
  title={High performance parallel database processing and grid databases},
  author={Taniar, David and Leung, Clement HC and Rahayu, Wenny and Goel, Sushant},
  volume={67},
  year={2008},
  publisher={John Wiley \& Sons}
}

@article{Vellev09,
  title={Review of Algorithms for the Join Ordering Problems in Database Query Optimization},
  author={Vellev, S},
  journal={Information Technologies and Control},
  volume={1},
  pages={32--40},
  year={2009}
}

@article{Steinbrunn97,
  title={Heuristic and randomized optimization for the join ordering problem},
  author={Steinbrunn, Michael and Moerkotte, Guido and Kemper, Alfons},
  journal={The VLDB Journal—The International Journal on Very Large Data Bases},
  volume={6},
  number={3},
  pages={191--208},
  year={1997},
  publisher={Springer-Verlag New York, Inc.}
}

@inproceedings{Ioannidis90,
  title={Randomized algorithms for optimizing large join queries},
  author={Ioannidis, Yannis E and Kang, Younkyung},
  booktitle={ACM Sigmod Record},
  volume={19},
  number={2},
  pages={312--321},
  year={1990},
  organization={ACM}
}

@book{Ioannidis87,
  title={Query optimization by simulated annealing},
  author={Ioannidis, Yannis E and Wong, Eugene},
  volume={16},
  number={3},
  year={1987},
  publisher={ACM}
}

@book{Bennett91,
  title={A genetic algorithm for database query optimization},
  author={Bennett, Kristin and Ferris, Michael C and Ioannidis, Yannis E},
  year={1991},
  publisher={Computer Sciences Department, University of Wisconsin, Center for Parallel Optimization}
}

@inproceedings{Stillger96,
  title={Genetic programming in database query optimization},
  author={Stillger, Michael and Spiliopoulou, Myra},
  booktitle={Proceedings of the 1st annual conference on genetic programming},
  pages={388--393},
  year={1996},
  organization={MIT Press}
}

@book{Ramakrishnan03,
 author = {Ramakrishnan, Raghu and Gehrke, Johannes},
 title = {Database Management Systems},
 year = {2003},
 isbn = {0072465638, 9780072465631},
 edition = {3},
 publisher = {McGraw-Hill, Inc.},
 address = {New York, NY, USA},
}

@article{Lohman07,
  title={The DB2 Universal Database Optimizer},
  author={Lohman, Guy M},
  journal={IBM Research Division, IBM Almaden Research Center},
  year={2007}
}

@inproceedings{Poosala96,
  title={Improved histograms for selectivity estimation of range predicates},
  author={Poosala, Viswanath and Haas, Peter J and Ioannidis, Yannis E and Shekita, Eugene J},
  booktitle={ACM SIGMOD Record},
  volume={25},
  number={2},
  pages={294--305},
  year={1996},
  organization={ACM}
}

@inproceedings{Chakkappen08,
  title={Efficient and scalable statistics gathering for large databases in Oracle 11g},
  author={Chakkappen, Sunil and Cruanes, Thierry and Dageville, Benoit and Jiang, Linan and Shaft, Uri and Su, Hong and Zait, Mohamed},
  booktitle={Proceedings of the 2008 ACM SIGMOD international conference on Management of data},
  pages={1053--1064},
  year={2008},
  organization={ACM}
}

@article{Wu13,
  title={Towards predicting query execution time for concurrent and dynamic database workloads},
  author={Wu, Wentao and Chi, Yun and Hac{\'\i}g{\"u}m{\"u}{\c{s}}, Hakan and Naughton, Jeffrey F},
  journal={Proceedings of the VLDB Endowment},
  volume={6},
  number={10},
  pages={925--936},
  year={2013},
  publisher={VLDB Endowment}
}

@article{Duan09,
  title={Tuning database configuration parameters with iTuned},
  author={Duan, Songyun and Thummala, Vamsidhar and Babu, Shivnath},
  journal={Proceedings of the VLDB Endowment},
  volume={2},
  number={1},
  pages={1246--1257},
  year={2009},
  publisher={VLDB Endowment}
}

@article{Li12a,
  title={Robust estimation of resource consumption for sql queries using statistical techniques},
  author={Li, Jiexing and K{\"o}nig, Arnd Christian and Narasayya, Vivek and Chaudhuri, Surajit},
  journal={Proceedings of the VLDB Endowment},
  volume={5},
  number={11},
  pages={1555--1566},
  year={2012},
  publisher={VLDB Endowment}
}

@inproceedings{Ganapathi09,
  title={Predicting multiple metrics for queries: Better decisions enabled by machine learning},
  author={Ganapathi, Archana and Kuno, Harumi and Dayal, Umeshwar and Wiener, Janet L and Fox, Armando and Jordan, Michael and Patterson, David},
  booktitle={2009 IEEE 25th International Conference on Data Engineering},
  pages={592--603},
  year={2009},
  organization={IEEE}
}

@inproceedings{Sheikh11,
  title={A bayesian approach to online performance modeling for database appliances using gaussian models},
  author={Sheikh, Muhammad Bilal and Minhas, Umar Farooq and Khan, Omar Zia and Aboulnaga, Ashraf and Poupart, Pascal and Taylor, David J},
  booktitle={Proceedings of the 8th ACM international conference on Autonomic computing},
  pages={121--130},
  year={2011},
  organization={ACM}
}

@inproceedings{Akdere12,
  title={Learning-based query performance modeling and prediction},
  author={Akdere, Mert and {\c{C}}etintemel, Ugur and Riondato, Matteo and Upfal, Eli and Zdonik, Stanley B},
  booktitle={2012 IEEE 28th International Conference on Data Engineering},
  pages={390--401},
  year={2012},
  organization={IEEE}
}

@inproceedings{Zheng15,
  title={Learning-based analytical cross-platform performance prediction},
  author={Zheng, Xinnian and Ravikumar, Pradeep and John, Lizy K and Gerstlauer, Andreas},
  booktitle={Embedded Computer Systems: Architectures, Modeling, and Simulation (SAMOS), 2015 International Conference on},
  pages={52--59},
  year={2015},
  organization={IEEE}
}

@article{Konig11,
  title={A statistical approach towards robust progress estimation},
  author={K{\"o}nig, Arnd Christian and Ding, Bolin and Chaudhuri, Surajit and Narasayya, Vivek},
  journal={Proceedings of the VLDB Endowment},
  volume={5},
  number={4},
  pages={382--393},
  year={2011},
  publisher={VLDB Endowment}
}

@article{Haas97,
  title={Seeking the truth about ad hoc join costs},
  author={Haas, Laura M and Carey, Michael J and Livny, Miron and Shukla, Amit},
  journal={The VLDB journal},
  volume={6},
  number={3},
  pages={241--256},
  year={1997},
  publisher={Springer}
}

@inproceedings{Wu13b,
  title={Predicting query execution time: Are optimizer cost models really unusable?},
  author={Wu, Wentao and Chi, Yun and Zhu, Shenghuo and Tatemura, Junichi and Hacig{\"u}m{\"u}s, Hakan and Naughton, Jeffrey F},
  booktitle={Data Engineering (ICDE), 2013 IEEE 29th International Conference on},
  pages={1081--1092},
  year={2013},
  organization={IEEE}
}

@article{Graefe93,
  title={Query evaluation techniques for large databases},
  author={Graefe, Goetz},
  journal={ACM Computing Surveys (CSUR)},
  volume={25},
  number={2},
  pages={73--169},
  year={1993},
  publisher={ACM}
}

@inproceedings{Khattab13,
  title={NNMonitor: performance modeling for database servers},
  author={Khattab, Abd Alhamid and Algergawy, Alsayed and Sarhan, Amany},
  booktitle={Computer Engineering \& Systems (ICCES), 2013 8th International Conference on},
  pages={301--306},
  year={2013},
  organization={IEEE}
}

@article{Jarke84,
  title={Query optimization in database systems},
  author={Jarke, Matthias and Koch, Jurgen},
  journal={ACM Computing surveys (CsUR)},
  volume={16},
  number={2},
  pages={111--152},
  year={1984},
  publisher={ACM}
}

@book{Deb01,
  title={Multi-objective optimization using evolutionary algorithms},
  author={Deb, Kalyanmoy},
  volume={16},
  year={2001},
  publisher={John Wiley \& Sons}
}

@book{Branke08,
  title={Multiobjective optimization: Interactive and evolutionary approaches},
  author={Branke, J{\"u}rgen and Deb, Kalyanmoy and Miettinen, Kaisa and Slowi{\'n}ski, Roman},
  volume={5252},
  year={2008},
  publisher={Springer}
}

@book{Collette13,
  title={Multiobjective optimization: principles and case studies},
  author={Collette, Yann and Siarry, Patrick},
  year={2013},
  publisher={Springer Science \& Business Media}
}

@book{Talbi09,
  title={Metaheuristics: from design to implementation},
  author={Talbi, El-Ghazali},
  volume={74},
  year={2009},
  publisher={John Wiley \& Sons}
}

@inproceedings{Wagner07,
  title={Pareto-, aggregation-, and indicator-based methods in many-objective optimization},
  author={Wagner, Tobias and Beume, Nicola and Naujoks, Boris},
  booktitle={International conference on evolutionary multi-criterion optimization},
  pages={742--756},
  year={2007},
  organization={Springer}
}

@article{Deb02,
  title={A fast and elitist multiobjective genetic algorithm: NSGA-II},
  author={Deb, Kalyanmoy and Pratap, Amrit and Agarwal, Sameer and Meyarivan, TAMT},
  journal={IEEE Transactions on Evolutionary Computation},
  volume={6},
  number={2},
  pages={182--197},
  year={2002},
  publisher={IEEE}
}

@inproceedings{Zitzler04,
  title={Indicator-based selection in multiobjective search},
  author={Zitzler, Eckart and K{\"u}nzli, Simon},
  booktitle={International Conference on Parallel Problem Solving from Nature},
  pages={832--842},
  year={2004},
  organization={Springer}
}

@article{Zhang07,
  title={MOEA/D: A multiobjective evolutionary algorithm based on decomposition},
  author={Zhang, Qingfu and Li, Hui},
  journal={IEEE Transactions on evolutionary computation},
  volume={11},
  number={6},
  pages={712--731},
  year={2007},
  publisher={IEEE}
}

@article{Ishibuchi98,
  title={A multi-objective genetic local search algorithm and its application to flowshop scheduling},
  author={Ishibuchi, Hisao and Murata, Tadahiko},
  journal={IEEE Transactions on Systems, Man, and Cybernetics, Part C (Applications and Reviews)},
  volume={28},
  number={3},
  pages={392--403},
  year={1998},
  publisher={IEEE}
}

@inproceedings{Jin01,
  title={Adapting weighted aggregation for multiobjective evolution strategies},
  author={Jin, Yaochu and Okabe, Tatsuya and Sendho, Bernhard},
  booktitle={International Conference on Evolutionary Multi-Criterion Optimization},
  pages={96--110},
  year={2001},
  organization={Springer}
}

@inproceedings{Murata01,
  title={Specification of genetic search directions in cellular multi-objective genetic algorithms},
  author={Murata, Tadahiko and Ishibuchi, Hisao and Gen, Mitsuo},
  booktitle={International Conference on Evolutionary Multi-Criterion Optimization},
  pages={82--95},
  year={2001},
  organization={Springer}
}

@article{Srinivas94,
  title={Muiltiobjective optimization using nondominated sorting in genetic algorithms},
  author={Srinivas, Nidamarthi and Deb, Kalyanmoy},
  journal={Evolutionary computation},
  volume={2},
  number={3},
  pages={221--248},
  year={1994},
  publisher={MIT Press}
}

@inproceedings{Horn94,
  title={A niched Pareto genetic algorithm for multiobjective optimization},
  author={Horn, Jeffrey and Nafpliotis, Nicholas and Goldberg, David E},
  booktitle={Evolutionary Computation, 1994. IEEE World Congress on Computational Intelligence., Proceedings of the First IEEE Conference on},
  pages={82--87},
  year={1994},
  organization={Ieee}
}

@inproceedings{Fonseca93,
  title={Genetic Algorithms for Multiobjective Optimization: FormulationDiscussion and Generalization.},
  author={Fonseca, Carlos M and Fleming, Peter J and others},
  booktitle={ICGA},
  volume={93},
  pages={416--423},
  year={1993},
  organization={Citeseer}
}

@article{Zitzler99b,
  title={Multiobjective evolutionary algorithms: a comparative case study and the strength Pareto approach},
  author={Zitzler, Eckart and Thiele, Lothar},
  journal={IEEE transactions on Evolutionary Computation},
  volume={3},
  number={4},
  pages={257--271},
  year={1999},
  publisher={IEEE}
}

@inproceedings{Zitzler01,
  title={SPEA2: Improving the strength Pareto evolutionary algorithm},
  author={Zitzler, Eckart and Laumanns, Marco and Thiele, Lothar and others},
  booktitle={Eurogen},
  volume={3242},
  number={103},
  pages={95--100},
  year={2001}
}

@inproceedings{Corne01,
  title={PESA-II: Region-based selection in evolutionary multiobjective optimization},
  author={Corne, David W and Jerram, Nick R and Knowles, Joshua D and Oates, Martin J and others},
  booktitle={Proceedings of the genetic and evolutionary computation conference (GECCO’2001},
  year={2001},
  organization={Citeseer}
}

@inproceedings{Hughes03,
  title={Multiple single objective Pareto sampling},
  author={Hughes, Evan J},
  booktitle={Evolutionary Computation, 2003. CEC'03. The 2003 Congress on},
  volume={4},
  pages={2678--2684},
  year={2003},
  organization={IEEE}
}

@inproceedings{Hughes05,
  title={Evolutionary many-objective optimisation: many once or one many?},
  author={Hughes, Evan J},
  booktitle={2005 IEEE congress on evolutionary computation},
  volume={1},
  pages={222--227},
  year={2005},
  organization={IEEE}
}

@article{Beume07,
  title={SMS-EMOA: Multiobjective selection based on dominated hypervolume},
  author={Beume, Nicola and Naujoks, Boris and Emmerich, Michael},
  journal={European Journal of Operational Research},
  volume={181},
  number={3},
  pages={1653--1669},
  year={2007},
  publisher={Elsevier}
}

@article{Beume09,
  title={On the complexity of computing the hypervolume indicator},
  author={Beume, Nicola and Fonseca, Carlos M and L{\'o}pez-Ib{\'a}{\~n}ez, Manuel and Paquete, Lu{\'\i}s and Vahrenhold, Jan},
  journal={IEEE Transactions on Evolutionary Computation},
  volume={13},
  number={5},
  pages={1075--1082},
  year={2009},
  publisher={IEEE}
}

@article{Bader11,
  title={HypE: An algorithm for fast hypervolume-based many-objective optimization},
  author={Bader, Johannes and Zitzler, Eckart},
  journal={Evolutionary computation},
  volume={19},
  number={1},
  pages={45--76},
  year={2011},
  publisher={MIT Press}
}

@article{Gass55,
  title={The computational algorithm for the parametric objective function},
  author={Gass, Saul and Saaty, Thomas},
  journal={Naval research logistics quarterly},
  volume={2},
  number={1-2},
  pages={39--45},
  year={1955},
  publisher={Wiley Online Library}
}

@article{Zadeh63,
  title={Optimality and non-scalar-valued performance criteria},
  author={Zadeh, Lofti},
  journal={IEEE transactions on Automatic Control},
  volume={8},
  number={1},
  pages={59--60},
  year={1963},
  publisher={IEEE}
}

@misc{Haimes71,
  title={Bicriterion formulation of problems of integrated system identification and system optimization},
  author={Haimes, Yacov Y and Ladson, LS and Wismer, David A},
  journal={IEEE Transactions on Systems Man and Cybernetics},
  number={3},
  pages={296},
  year={1971},
  publisher={IEEE-INST ELECTRICAL ELECTRONICS ENGINEERS INC 345 E 47TH ST, NEW YORK, NY 10017-2394}
}

@book{Vira83,
  title={Multiobjective decision making: theory and methodology},
  author={Vira, Chankong and Haimes, Yacov Y},
  number={8},
  year={1983},
  publisher={North-Holland}
}

@article{Charnes55,
  title={Optimal estimation of executive compensation by linear programming},
  author={Charnes, Abraham and Cooper, William W and Ferguson, Robert O},
  journal={Management science},
  volume={1},
  number={2},
  pages={138--151},
  year={1955},
  publisher={INFORMS}
}

@article{Charnes77,
  title={Goal programming and multiple objective optimizations: Part 1},
  author={Charnes, Abraham and Cooper, William Wager},
  journal={European Journal of Operational Research},
  volume={1},
  number={1},
  pages={39--54},
  year={1977},
  publisher={Elsevier}
}

@article{Marler04,
  title={Survey of multi-objective optimization methods for engineering},
  author={Marler, R Timothy and Arora, Jasbir S},
  journal={Structural and multidisciplinary optimization},
  volume={26},
  number={6},
  pages={369--395},
  year={2004},
  publisher={Springer}
}

@article{Zhao16,
  title={Optimizing security and quality of service in a Real-time database system using Multi-objective genetic algorithm},
  author={Zhao, Xuancai and Lin, Qiuzhen and Chen, Jianyong and Wang, Xiaomin and Yu, Jianping and Ming, Zhong},
  journal={Expert Systems with Applications},
  volume={64},
  pages={11--23},
  year={2016},
  publisher={Elsevier}
}

@article{Thiele09,
  title={Multi-objective scheduling for real-time data warehouses},
  author={Thiele, Maik and Bader, Andreas and Lehner, Wolfgang},
  journal={Computer Science-Research and Development},
  volume={24},
  number={3},
  pages={137--151},
  year={2009},
  publisher={Springer}
}

@book{Bruno11b,
  title={Automated Physical Database Design and Tuning},
  author={Bruno, Nicolas},
  year={2011},
  publisher={CRC Press}
}

@article{Bruno08,
  title={Constrained physical design tuning},
  author={Bruno, Nicolas and Chaudhuri, Surajit},
  journal={Proceedings of the VLDB Endowment},
  volume={1},
  number={1},
  pages={4--15},
  year={2008},
  publisher={VLDB Endowment}
}

@inproceedings{Papadimitriou01,
  title={Multiobjective query optimization},
  author={Papadimitriou, Christos H and Yannakakis, Mihalis},
  booktitle={Proceedings of the twentieth ACM SIGMOD-SIGACT-SIGART symposium on Principles of database systems},
  pages={52--59},
  year={2001},
  organization={ACM}
}

@article{Trummer14,
  title={Multi-objective parametric query optimization},
  author={Trummer, Immanuel and Koch, Christoph},
  journal={Proceedings of the VLDB Endowment},
  volume={8},
  number={3},
  pages={221--232},
  year={2014},
  publisher={VLDB Endowment}
}

@inproceedings{Trummer14b,
  title={Approximation schemes for many-objective query optimization},
  author={Trummer, Immanuel and Koch, Christoph},
  booktitle={Proceedings of the 2014 ACM SIGMOD international conference on Management of data},
  pages={1299--1310},
  year={2014},
  organization={ACM}
}

@inproceedings{Trummer15,
  title={An incremental anytime algorithm for multi-objective query optimization},
  author={Trummer, Immanuel and Koch, Christoph},
  booktitle={Proceedings of the 2015 ACM SIGMOD International Conference on Management of Data},
  pages={1941--1953},
  year={2015},
  organization={ACM}
}

@article{Trummer15b,
  title={Solving the Join Ordering Problem via Mixed Integer Linear Programming},
  author={Trummer, Immanuel and Koch, Christoph},
  journal={arXiv preprint arXiv:1511.02071},
  year={2015}
}

@article{Trummer16,
  title={Parallelizing query optimization on shared-nothing architectures},
  author={Trummer, Immanuel and Koch, Christoph},
  journal={Proceedings of the VLDB Endowment},
  volume={9},
  number={9},
  pages={660--671},
  year={2016},
  publisher={VLDB Endowment}
}

@inproceedings{Trummer16b,
 author = {Trummer, Immanuel and Koch, Christoph},
 title = {A Fast Randomized Algorithm for Multi-Objective Query Optimization},
 booktitle = {Proceedings of the 2016 International Conference on Management of Data},
 series = {SIGMOD '16},
 year = {2016},
 isbn = {978-1-4503-3531-7},
 pages = {1737--1752},
 publisher = {ACM}
}

@article{Trummer16c,
  title={Multiple query optimization on the D-Wave 2X adiabatic quantum computer},
  author={Trummer, Immanuel and Koch, Christoph},
  journal={Proceedings of the VLDB Endowment},
  volume={9},
  number={9},
  pages={648--659},
  year={2016},
  publisher={VLDB Endowment}
}

@article{Dokeroglu14,
  title={Evolutionary multiobjective query workload optimization of Cloud data warehouses},
  author={Dokeroglu, Tansel and Sert, Seyyit Alper and Cinar, Muhammet Serkan},
  journal={The Scientific World Journal},
  volume={2014},
  year={2014},
  publisher={Hindawi Publishing Corporation}
}

@inproceedings{Helff16,
  title={Weighted Sum Model for Multi-Objective Query Optimization for Mobile-Cloud Database Environments},
  author={Florian Helff and Le Gruenwald and Laurent d'Orazio},
  booktitle={EDBT/ICDT Workshops},
  year={2016}
}

@incollection{Kong12,
  title={Cost-performance driven resource configuration for database applications in IaaS cloud environments},
  author={Kong, Shoubin and Li, Yuanping and Feng, Ling},
  booktitle={Cloud Computing and Services Science},
  pages={111--129},
  year={2012},
  publisher={Springer}
}

@inproceedings{Talebian10,
  title={A lexicographic ordering genetic algorithm for solving multi-objective view selection problem},
  author={Talebian, Seyed Hamid and Kareem, Sameem Abdul},
  booktitle={Computer Research and Development, 2010 Second International Conference on},
  pages={110--115},
  year={2010},
  organization={IEEE}
}

@inproceedings{Goswami13,
  title={Multiobjective Differential Evolution Algorithm Using Binary Encoded Data in Selecting Views for Materializing in Data Warehouse},
  author={Goswami, Rajib and Bhattacharyya, Dhruba Kumar and Dutta, Malayananda},
  booktitle={International Conference on Swarm, Evolutionary, and Memetic Computing},
  pages={95--106},
  year={2013},
  organization={Springer}
}

@inproceedings{Bellatreche13b,
  title={Horizontal partitioning of very-large data warehouses under dynamically-changing query workloads via incremental algorithms},
  author={Bellatreche, Ladjel and Bouchakri, Rima and Cuzzocrea, Alfredo and Maabout, Sofian},
  booktitle={Proceedings of the 28th Annual ACM Symposium on Applied Computing},
  pages={208--210},
  year={2013},
  organization={ACM}
}

@inproceedings{Bellatreche13c,
  title={Incremental Algorithms for Selecting Horizontal Schemas of Data Warehouses: The Dynamic Case},
  author={Bellatreche, Ladjel and Bouchakri, Rima and Cuzzocrea, Alfredo and Maabout, Sofian},
  booktitle={International Conference on Data Management in Cloud, Grid and P2P Systems},
  pages={13--25},
  year={2013},
  organization={Springer}
}

@article{Barr13,
  title={Bi-Objective Optimization Based on Compromise Method for Horizontal Fragmentation in Relational Data Warehouses},
  author={Barr, Mohamed},
  journal={International Journal of Machine Learning and Computing},
  volume={3},
  number={3},
  pages={250},
  year={2013},
  publisher={IACSIT Press}
}

@inproceedings{Tiakas15,
  title={Skyline queries: An introduction},
  author={Tiakas, Eleftherios and Papadopoulos, Apostolos N and Manolopoulos, Yannis},
  booktitle={Information, Intelligence, Systems and Applications (IISA), 2015 6th International Conference on},
  pages={1--6},
  year={2015},
  organization={IEEE}
}

@inproceedings{Mullesgaard14,
  title={Efficient skyline computation in MapReduce},
  author={Mullesgaard, Kasper and Pedersen, Jens Laurits and Lu, Hua and Zhou, Yongluan},
  booktitle={17th International Conference on Extending Database Technology (EDBT)},
  pages={37--48},
  year={2014}
}

@inproceedings{Bogh13,
  title={Efficient GPU-based skyline computation},
  author={B{\o}gh, Kenneth S and Assent, Ira and Magnani, Matteo},
  booktitle={Proceedings of the Ninth International Workshop on Data Management on New Hardware},
  pages={5},
  year={2013},
  organization={ACM}
}

@article{De16,
  title={Continuous skyline queries on multicore architectures},
  author={De Matteis, Tiziano and Di Girolamo, Salvatore and Mencagli, Gabriele},
  journal={Concurrency and Computation: Practice and Experience},
  year={2016},
  publisher={Wiley Online Library}
}

@inproceedings{Talebian13,
  title={A weight based genetic algorithm for selecting views},
  author={Talebian, Seyed H and Kareem, Sameem A},
  booktitle={2012 International Conference on Graphic and Image Processing},
  pages={87683O--87683O},
  year={2013},
  organization={International Society for Optics and Photonics}
}

@article{Fan06,
  title={Multi-objective query processing for data aggregation},
  author={Fan, Jianchun and Kambhampati, Subbarao},
  journal={ASU CSE TR},
  year={2006}
}

@inproceedings{Young10,
  title={First TPC-energy benchmark: lessons learned in practice},
  author={Young, Erik and Cao, Paul and Nikolaiev, Mike},
  booktitle={Technology Conference on Performance Evaluation and Benchmarking},
  pages={136--152},
  year={2010},
  organization={Springer}
}

@inproceedings{Schall11,
  title={Towards an enhanced benchmark advocating energy-efficient systems},
  author={Schall, Daniel and Hoefner, Volker and Kern, Manuel},
  booktitle={Technology Conference on Performance Evaluation and Benchmarking},
  pages={31--45},
  year={2011},
  organization={Springer}
}

@inproceedings{Rivoire07,
  title={JouleSort: a balanced energy-efficiency benchmark},
  author={Rivoire, Suzanne and Shah, Mehul A and Ranganathan, Parthasarathy and Kozyrakis, Christos},
  booktitle={Proceedings of the 2007 ACM SIGMOD international conference on Management of data},
  pages={365--376},
  year={2007},
  organization={ACM}
}

@book{Brooks00,
  title={Wattch: a framework for architectural-level power analysis and optimizations},
  author={Brooks, David and Tiwari, Vivek and Martonosi, Margaret},
  volume={28},
  number={2},
  year={2000},
  publisher={ACM}
}

@inproceedings{Gurumurthi02,
  title={Using complete machine simulation for software power estimation: The softwatt approach},
  author={Gurumurthi, Sudhanva and Sivasubramaniam, Anand and Irwin, Mary Jane and Vijaykrishnan, Narayanan and Kandemir, Mahmut},
  booktitle={High-Performance Computer Architecture, 2002. Proceedings. Eighth International Symposium on},
  pages={141--150},
  year={2002},
  organization={IEEE}
}

@article{Shafi03,
  title={Design and validation of a performance and power simulator for PowerPC systems},
  author={Shafi, Hazim and Bohrer, Patrick J and Phelan, James and Rusu, Cosmin A and Peterson, James L},
  journal={IBM Journal of Research and Development},
  volume={47},
  number={5.6},
  pages={641--651},
  year={2003},
  publisher={IBM}
}

@inproceedings{Contreras05,
  title={Power prediction for intel XScale{\textregistered} processors using performance monitoring unit events},
  author={Contreras, Gilberto and Martonosi, Margaret},
  booktitle={ISLPED'05. Proceedings of the 2005 International Symposium on Low Power Electronics and Design, 2005.},
  pages={221--226},
  year={2005},
  organization={IEEE}
}

@inproceedings{Joseph01,
  title={Run-time power estimation in high performance microprocessors},
  author={Joseph, Russ and Martonosi, Margaret},
  booktitle={Proceedings of the 2001 international symposium on Low power electronics and design},
  pages={135--140},
  year={2001},
  organization={ACM}
}

@inproceedings{Li03,
  title={Run-time modeling and estimation of operating system power consumption},
  author={Li, Tao and John, Lizy Kurian},
  booktitle={ACM SIGMETRICS Performance Evaluation Review},
  volume={31},
  number={1},
  pages={160--171},
  year={2003},
  organization={ACM}
}

@article{Dayarathna16,
  title={Data Center Energy Consumption Modeling: A Survey},
  author={Dayarathna, Miyuru and Wen, Yonggang and Fan, Rui},
  journal={IEEE Communications Surveys \& Tutorials},
  volume={18},
  number={1},
  pages={732--794},
  year={2016},
  publisher={IEEE}
}

@article{Reda12,
  title={Power modeling and characterization of computing devices: a survey},
  author={Reda, Sherief and Nowroz, Abdullah N},
  journal={Foundations and Trends in Electronic Design Automation},
  volume={6},
  number={2},
  pages={121--216},
  year={2012},
  publisher={Now Publishers Inc.}
}

@article{Ge13,
  title={A survey of power-saving techniques on data centers and content delivery networks},
  author={Ge, Chang and Sun, Zhili and Wang, Ning},
  journal={IEEE Communications Surveys \& Tutorials},
  volume={15},
  number={3},
  pages={1334--1354},
  year={2013},
  publisher={IEEE}
}

@article{Orgerie14,
  title={A survey on techniques for improving the energy efficiency of large-scale distributed systems},
  author={Orgerie, Anne-Cecile and Assuncao, Marcos Dias de and Lefevre, Laurent},
  journal={ACM Computing Surveys (CSUR)},
  volume={46},
  number={4},
  pages={47},
  year={2014},
  publisher={ACM}
}

@book{Michalski13,
  title={Machine learning: An artificial intelligence approach},
  author={Michalski, Ryszard S and Carbonell, Jaime G and Mitchell, Tom M},
  year={2013},
  publisher={Springer Science \& Business Media}
}

@incollection{Weiser94,
  title={Scheduling for reduced CPU energy},
  author={Weiser, Mark and Welch, Brent and Demers, Alan and Shenker, Scott},
  booktitle={Mobile Computing},
  pages={449--471},
  year={1994},
  publisher={Springer}
}

@inproceedings{Yao95,
  title={A scheduling model for reduced CPU energy},
  author={Yao, Frances and Demers, Alan and Shenker, Scott},
  booktitle={Foundations of Computer Science, 1995. Proceedings., 36th Annual Symposium on},
  pages={374--382},
  year={1995},
  organization={IEEE}
}

@inproceedings{Hong98,
  title={On-line scheduling of hard real-time tasks on variable voltage processor},
  author={Hong, Inki and Potkonjak, Miodrag and Srivastava, Mani B},
  booktitle={Proceedings of the 1998 IEEE/ACM international conference on Computer-aided design},
  pages={653--656},
  year={1998},
  organization={ACM}
}

@article{Hong99,
  title={Power optimization of variable-voltage core-based systems},
  author={Hong, Inki and Kirovski, Darko and Qu, Gang and Potkonjak, Miodrag and Srivastava, Mani B},
  journal={IEEE Transactions on Computer-Aided Design of Integrated Circuits and Systems},
  volume={18},
  number={12},
  pages={1702--1714},
  year={1999},
  publisher={IEEE}
}

@inproceedings{Shin99,
  title={Power conscious fixed priority scheduling for hard real-time systems},
  author={Shin, Youngsoo and Choi, Kiyoung},
  booktitle={Design Automation Conference, 1999. Proceedings. 36th},
  pages={134--139},
  year={1999},
  organization={IEEE}
}

@inproceedings{Pillai01,
  title={Real-time dynamic voltage scaling for low-power embedded operating systems},
  author={Pillai, Padmanabhan and Shin, Kang G},
  booktitle={ACM SIGOPS Operating Systems Review},
  volume={35},
  number={5},
  pages={89--102},
  year={2001},
  organization={ACM}
}

@inproceedings{Govil95,
  title={Comparing algorithm for dynamic speed-setting of a low-power CPU},
  author={Govil, Kinshuk and Chan, Edwin and Wasserman, Hal},
  booktitle={Proceedings of the 1st annual international conference on Mobile computing and networking},
  pages={13--25},
  year={1995},
  organization={ACM}
}

@inproceedings{Aydin01,
  title={Dynamic and aggressive scheduling techniques for power-aware real-time systems},
  author={Aydin, Hakan and Melhem, Rami and Moss{\'e}, Daniel and Mejia-Alvarez, Pedro},
  booktitle={Real-Time Systems Symposium, 2001.(RTSS 2001). Proceedings. 22nd IEEE},
  pages={95--105},
  year={2001},
  organization={IEEE}
}

@inproceedings{Fan03,
  title={The synergy between power-aware memory systems and processor voltage scaling},
  author={Fan, Xiaobo and Ellis, Carla S and Lebeck, Alvin R},
  booktitle={International Workshop on Power-Aware Computer Systems},
  pages={164--179},
  year={2003},
  organization={Springer}
}

@article{Lebeck00,
  title={Power aware page allocation},
  author={Lebeck, Alvin R and Fan, Xiaobo and Zeng, Heng and Ellis, Carla},
  journal={ACM Sigplan Notices},
  volume={35},
  number={11},
  pages={105--116},
  year={2000},
  publisher={ACM}
}

@inproceedings{Wu12,
  title={RAMZzz: rank-aware dram power management with dynamic migrations and demotions},
  author={Wu, Donghong and He, Bingsheng and Tang, Xueyan and Xu, Jianliang and Guo, Minyi},
  booktitle={Proceedings of the International Conference on High Performance Computing, Networking, Storage and Analysis},
  pages={32},
  year={2012},
  organization={IEEE Computer Society Press}
}

@inproceedings{Park11,
  title={Power-aware memory management for hybrid main memory},
  author={Park, Youngwoo and Shin, Dong-Jae and Park, Sung Kyu and Park, Kyu Ho},
  booktitle={Next Generation Information Technology (ICNIT), 2011 The 2nd International Conference on},
  pages={82--85},
  year={2011},
  organization={IEEE}
}

@article{Bergamaschi12,
  title={Data center power and performance optimization through global selection of p-states and utilization rates},
  author={Bergamaschi, Reinaldo A and Piga, Leonardo and Rigo, Sandro and Azevedo, Rodolfo and Ara{\'u}jo, Guido},
  journal={Sustainable Computing: Informatics and Systems},
  volume={2},
  number={4},
  pages={198--208},
  year={2012},
  publisher={Elsevier}
}

@article{Keckler11,
  title={GPUs and the future of parallel computing},
  author={Keckler, Stephen W and Dally, William J and Khailany, Brucek and Garland, Michael and Glasco, David},
  journal={IEEE Micro},
  volume={31},
  number={5},
  pages={7--17},
  year={2011}
}

@article{Shuja16, 
author={J. Shuja and K. Bilal and S. A. Madani and M. Othman and R. Ranjan and P. Balaji and S. U. Khan}, 
journal={IEEE Systems Journal}, 
title={Survey of Techniques and Architectures for Designing Energy-Efficient Data Centers}, 
year={2016}, 
volume={10}, 
number={2}, 
pages={507-519}, 
doi={10.1109/JSYST.2014.2315823}, 
ISSN={1932-8184}, 
month={June},
}

@inproceedings{Yoder10,
  title={Energy efficient storage technologies for data centers},
  author={Yoder, Alan G},
  booktitle={WEED 2010-Workshop on Energy-Efficient Design},
  year={2010}
}

@inproceedings{Narayanan09,
  title={Migrating server storage to SSDs: analysis of tradeoffs},
  author={Narayanan, Dushyanth and Thereska, Eno and Donnelly, Austin and Elnikety, Sameh and Rowstron, Antony},
  booktitle={Proceedings of the 4th ACM European conference on Computer systems},
  pages={145--158},
  year={2009},
  organization={ACM}
}

@inproceedings{Zhou09,
  title={A durable and energy efficient main memory using phase change memory technology},
  author={Zhou, Ping and Zhao, Bo and Yang, Jun and Zhang, Youtao},
  booktitle={ACM SIGARCH computer architecture news},
  volume={37},
  number={3},
  pages={14--23},
  year={2009},
  organization={ACM}
}

@article{Wang08,
  title={Spin torque random access memory down to 22 nm technology},
  author={Wang, Xiaobin and Chen, Yiran and Li, Hai and Dimitrov, Dimitar and Liu, Harry},
  journal={IEEE transactions on magnetics},
  volume={44},
  number={11},
  pages={2479--2482},
  year={2008},
  publisher={IEEE}
}

@inproceedings{Niu10,
  title={Impact of process variations on emerging memristor},
  author={Niu, Dimin and Chen, Yiran and Xu, Cong and Xie, Yuan},
  booktitle={Design Automation Conference (DAC), 2010 47th ACM/IEEE},
  pages={877--882},
  year={2010},
  organization={IEEE}
}

@article{Bilal13,
  title={Quantitative comparisons of the state-of-the-art data center architectures},
  author={Bilal, Kashif and Khan, Samee U and Zhang, Limin and Li, Hongxiang and Hayat, Khizar and Madani, Sajjad A and Min-Allah, Nasro and Wang, Lizhe and Chen, Dan and Iqbal, Majid and others},
  journal={Concurrency and Computation: Practice and Experience},
  volume={25},
  number={12},
  pages={1771--1783},
  year={2013},
  publisher={Wiley Online Library}
}

@article{Bilal13b,
  title={A survey on green communications using adaptive link rate},
  author={Bilal, Kashif and Khan, Samee U and Madani, Sajjad A and Hayat, Khizar and Khan, Majid I and Min-Allah, Nasro and Kolodziej, Joanna and Wang, Lizhe and Zeadally, Sherali and Chen, Dan},
  journal={Cluster Computing},
  volume={16},
  number={3},
  pages={575--589},
  year={2013},
  publisher={Springer}
}

@article{Bilal14,
  title={A taxonomy and survey on green data center networks},
  author={Bilal, Kashif and Malik, Saif Ur Rehman and Khalid, Osman and Hameed, Abdul and Alvarez, Enrique and Wijaysekara, Vidura and Irfan, Rizwana and Shrestha, Sarjan and Dwivedy, Debjyoti and Ali, Mazhar and others},
  journal={Future Generation Computer Systems},
  volume={36},
  pages={189--208},
  year={2014},
  publisher={Elsevier}
}

@inproceedings{Shang10,
  title={Energy-aware routing in data center network},
  author={Shang, Yunfei and Li, Dan and Xu, Mingwei},
  booktitle={Proceedings of the first ACM SIGCOMM workshop on Green networking},
  pages={1--8},
  year={2010},
  organization={ACM}
}

@article{Benini00,
  title={System-level power optimization: techniques and tools},
  author={Benini, Luca and Micheli, Giovanni de},
  journal={ACM Transactions on Design Automation of Electronic Systems (TODAES)},
  volume={5},
  number={2},
  pages={115--192},
  year={2000},
  publisher={ACM}
}

@inproceedings{Pallipadi06,
  title={The ondemand governor},
  author={Pallipadi, Venkatesh and Starikovskiy, Alexey},
  booktitle={Proceedings of the Linux Symposium},
  volume={2},
  pages={215--230},
  year={2006},
  organization={sn}
}

@inproceedings{Zeng02,
  title={ECOSystem: Managing energy as a first class operating system resource},
  author={Zeng, Heng and Ellis, Carla S and Lebeck, Alvin R and Vahdat, Amin},
  booktitle={ACM SIGPLAN Notices},
  volume={37},
  number={10},
  pages={123--132},
  year={2002},
  organization={ACM}
}

@inproceedings{Neugebauer01,
  title={Energy is just another resource: Energy accounting and energy pricing in the Nemesis OS},
  author={Neugebauer, Rolf and McAuley, Derek},
  booktitle={Hot Topics in Operating Systems, 2001. Proceedings of the Eighth Workshop on},
  pages={67--72},
  year={2001},
  organization={IEEE}
}

@article{Vardhan09,
  title={GRACE-2: integrating fine-grained application adaptation with global adaptation for saving energy},
  author={Vardhan, Vibhore and Yuan, Wanghong and Harris, Albert F and Adve, Sarita V and Kravets, Robin and Nahrstedt, Klara and Sachs, Daniel and Jones, Douglas},
  journal={international Journal of embedded Systems},
  volume={4},
  number={2},
  pages={152--169},
  year={2009},
  publisher={Inderscience Publishers}
}

@article{Flinn04,
  title={Managing battery lifetime with energy-aware adaptation},
  author={Flinn, Jason and Satyanarayanan, Mahadev},
  journal={ACM Transactions on Computer Systems (TOCS)},
  volume={22},
  number={2},
  pages={137--179},
  year={2004},
  publisher={ACM}
}

@inproceedings{Rajkumar97,
  title={Resource kernels: A resource-centric approach to real-time and multimedia systems},
  author={Rajkumar, Ragunathan and Juvva, Kanaka and Molano, Anastasio and Oikawa, Shuichi},
  booktitle={Photonics West'98 Electronic Imaging},
  pages={150--164},
  year={1997},
  organization={International Society for Optics and Photonics}
}

@article{Anagnostopoulou12,
  title={Barely alive memory servers: Keeping data active in a low-power state},
  author={Anagnostopoulou, Vlasia and Biswas, Susmit and Saadeldeen, Heba and Savage, Alan and Bianchini, Ricardo and Yang, Tao and Franklin, Diana and Chong, Frederic T},
  journal={ACM Journal on Emerging Technologies in Computing Systems (JETC)},
  volume={8},
  number={4},
  pages={31},
  year={2012},
  publisher={ACM}
}

@inproceedings{Sharma03,
  title={Power-aware QoS management in web servers},
  author={Sharma, Vivek and Thomas, Arun and Abdelzaher, Tarek and Skadron, Kevin and Lu, Zhijian},
  booktitle={Real-Time Systems Symposium, 2003. RTSS 2003. 24th IEEE},
  pages={63--72},
  year={2003},
  organization={IEEE}
}

@article{Chase01,
  title={Managing energy and server resources in hosting centers},
  author={Chase, Jeffrey S and Anderson, Darrell C and Thakar, Prachi N and Vahdat, Amin M and Doyle, Ronald P},
  journal={ACM SIGOPS Operating Systems Review},
  volume={35},
  number={5},
  pages={103--116},
  year={2001},
  publisher={ACM}
}

@inproceedings{Chen05,
  title={Managing server energy and operational costs in hosting centers},
  author={Chen, Yiyu and Das, Amitayu and Qin, Wubi and Sivasubramaniam, Anand and Wang, Qian and Gautam, Natarajan},
  booktitle={ACM SIGMETRICS performance evaluation review},
  volume={33},
  number={1},
  pages={303--314},
  year={2005},
  organization={ACM}
}

@inproceedings{Chen12,
  title={Energy efficiency for large-scale mapreduce workloads with significant interactive analysis},
  author={Chen, Yanpei and Alspaugh, Sara and Borthakur, Dhruba and Katz, Randy},
  booktitle={Proceedings of the 7th ACM european conference on Computer Systems},
  pages={43--56},
  year={2012},
  organization={ACM}
}

@inproceedings{Xian07,
  title={A programming environment with runtime energy characterization for energy-aware applications},
  author={Xian, Changjiu and Lu, Yung-Hsiang and Li, Zhiyuan},
  booktitle={Low Power Electronics and Design (ISLPED), 2007 ACM/IEEE International Symposium on},
  pages={141--146},
  year={2007},
  organization={IEEE}
}

@article{Capra12,
  title={Is software “green”? Application development environments and energy efficiency in open source applications},
  author={Capra, Eugenio and Francalanci, Chiara and Slaughter, Sandra A},
  journal={Information and Software Technology},
  volume={54},
  number={1},
  pages={60--71},
  year={2012},
  publisher={Elsevier}
}

@inproceedings{Hsu03,
  title={The design, implementation, and evaluation of a compiler algorithm for CPU energy reduction},
  author={Hsu, Chung-Hsing and Kremer, Ulrich},
  booktitle={ACM SIGPLAN Notices},
  volume={38},
  number={5},
  pages={38--48},
  year={2003},
  organization={ACM}
}

@article{Huang07,
  title={Efficient and scalable compiler-directed energy optimization for realtime applications},
  author={Huang, Po-Kuan and Ghiasi, Soheil},
  journal={ACM Transactions on Design Automation of Electronic Systems (TODAES)},
  volume={12},
  number={3},
  pages={27},
  year={2007},
  publisher={ACM}
}

@article{Kadayif05,
  title={Compiler-directed high-level energy estimation and optimization},
  author={Kadayif, Ismail and Kandemir, M and Chen, Guilin and Vijaykrishnan, Narayanan and Irwin, Mary Jane and Sivasubramaniam, Anand},
  journal={ACM Transactions on Embedded Computing Systems (TECS)},
  volume={4},
  number={4},
  pages={819--850},
  year={2005},
  publisher={ACM}
}

@inproceedings{Manotas14,
  title={SEEDS: a software engineer's energy-optimization decision support framework},
  author={Manotas, Irene and Pollock, Lori and Clause, James},
  booktitle={Proceedings of the 36th International Conference on Software Engineering},
  pages={503--514},
  year={2014},
  organization={ACM}
}

@incollection{Laros13,
  title={Energy delay product},
  author={Laros III, James H and Pedretti, Kevin and Kelly, Suzanne M and Shu, Wei and Ferreira, Kurt and Vandyke, John and Vaughan, Courtenay},
  booktitle={Energy-Efficient High Performance Computing},
  pages={51--55},
  year={2013},
  publisher={Springer}
}

@inproceedings{Lawrence06b,
  title={Dynamic view selection for OLAP},
  author={Lawrence, Michael and Rau-Chaplin, Andrew},
  booktitle={International Conference on Data Warehousing and Knowledge Discovery},
  pages={33--44},
  year={2006},
  organization={Springer}
}

@inproceedings{Ameller12,
  title={How do software architects consider non-functional requirements: An exploratory study},
  author={Ameller, David and Ayala, Claudia and Cabot, Jordi and Franch, Xavier},
  booktitle={20th International Requirements Engineering Conference (RE)},
  pages={41--50},
  year={2012},
  organization={IEEE}
}

@article{Chirkova11,
  title={Materialized views},
  author={Chirkova, Rada and Yang, Jun},
  journal={Databases},
  volume={4},
  number={4},
  pages={295--405},
  year={2011}
}

@article{Chu08,
  title={The energy problem and Lawrence Berkeley National Laboratory},
  author={Chu, S},
  journal={Talk given to the California Air Resources Board},
  year={2008}
}

@article{Chand15,
  title={Evolutionary many-objective optimization: A quick-start guide},
  author={Chand, Shelvin and Wagner, Markus},
  journal={Surveys in Operations Research and Management Science},
  volume={20},
  number={2},
  pages={35--42},
  year={2015},
  publisher={Elsevier}
}

@article{Sellis88,
  title={Multiple-query optimization},
  author={Sellis, Timos K},
  journal={ACM Transactions on Database Systems (TODS)},
  volume={13},
  number={1},
  pages={23--52},
  year={1988},
  publisher={ACM}
}

@article{Chi11,
  title={iCBS: incremental cost-based scheduling under piecewise linear SLAs},
  author={Chi, Yun and Moon, Hyun Jin and Hacig{\"u}m{\"u}{\c{s}}, Hakan},
  journal={Proceedings of the VLDB Endowment},
  volume={4},
  number={9},
  pages={563--574},
  year={2011},
  publisher={VLDB Endowment}
}

@inproceedings{Xiong11,
  title={ActiveSLA: a profit-oriented admission control framework for database-as-a-service providers},
  author={Xiong, Pengcheng and Chi, Yun and Zhu, Shenghuo and Tatemura, Junichi and Pu, Calton and Hacig{\"u}m{\"u}{\c{S}}, Hakan},
  booktitle={Proceedings of the 2nd ACM Symposium on Cloud Computing},
  pages={15},
  year={2011},
  organization={ACM}
}

@article{Psaroudakis13,
  title={Sharing data and work across concurrent analytical queries},
  author={Psaroudakis, Iraklis and Athanassoulis, Manos and Ailamaki, Anastasia},
  journal={Proceedings of the VLDB Endowment},
  volume={6},
  number={9},
  pages={637--648},
  year={2013},
  publisher={VLDB Endowment}
}

@article{Chi13,
  title={Distribution-based query scheduling},
  author={Chi, Yun and Hac{\'\i}g{\"u}m{\"u}{\c{s}}, Hakan and Hsiung, Wang-Pin and Naughton, Jeffrey F},
  journal={Proceedings of the VLDB Endowment},
  volume={6},
  number={9},
  pages={673--684},
  year={2013},
  publisher={VLDB Endowment}
}

@inproceedings{Gupta01,
  title={Query scheduling in multi query optimization},
  author={Gupta, Amit and Sudarshan, S and Vishwanathan, Sundar},
  booktitle={Database Engineering and Applications, 2001 International Symposium on.},
  pages={11--19},
  year={2001},
  organization={IEEE}
}

@inproceedings{Diwan06,
  title={Scheduling and caching in multi-query optimization},
  author={Diwan, AA and Sudarshan, S and Thomas, Dilys},
  booktitle={International Conference on Management of Data COMAD, Delhi, India},
  year={2006}
}

@article{Skadron04,
  title={Temperature-aware microarchitecture: Modeling and implementation},
  author={Skadron, Kevin and Stan, Mircea R and Sankaranarayanan, Karthik and Huang, Wei and Velusamy, Sivakumar and Tarjan, David},
  journal={ACM Transactions on Architecture and Code Optimization (TACO)},
  volume={1},
  number={1},
  pages={94--125},
  year={2004},
  publisher={ACM}
}

@inproceedings{Srikantaiah08,
  title={Energy aware consolidation for cloud computing},
  author={Srikantaiah, Shekhar and Kansal, Aman and Zhao, Feng},
  booktitle={Proceedings of the 2008 conference on Power aware computing and systems},
  volume={10},
  pages={1--5},
  year={2008},
  organization={San Diego, California}
}

@article{Venkatachalam05,
  title={Power reduction techniques for microprocessor systems},
  author={Venkatachalam, Vasanth and Franz, Michael},
  journal={ACM Computing Surveys (CSUR)},
  volume={37},
  number={3},
  pages={195--237},
  year={2005},
  publisher={ACM}
}

@techreport{Atwood08,
  title={Reducing data center cost with an air economizer},
  author={Atwood, Don and Miner, John G},
  type = {White Paper},
  year={2008},
  url = {https://www-ssl.intel.com/content/dam/doc/technology-brief/data-center-efficiency-xeon-reducing-data-center-cost-with-air-economizer-brief.pdf},
}

@article{Perez08,
  title={A review on buildings energy consumption information},
  author={P{\'e}rez-Lombard, Luis and Ortiz, Jos{\'e} and Pout, Christine},
  journal={Energy and buildings},
  volume={40},
  number={3},
  pages={394--398},
  year={2008},
  publisher={Elsevier}
}

@article{Tie13,
  title={A review of energy sources and energy management system in electric vehicles},
  author={Tie, Siang Fui and Tan, Chee Wei},
  journal={Renewable and Sustainable Energy Reviews},
  volume={20},
  pages={82--102},
  year={2013},
  publisher={Elsevier}
}

@article{Rault14,
  title={Energy efficiency in wireless sensor networks: A top-down survey},
  author={Rault, Tifenn and Bouabdallah, Abdelmadjid and Challal, Yacine},
  journal={Computer Networks},
  volume={67},
  pages={104--122},
  year={2014},
  publisher={Elsevier}
}

@article{Barbose13,
  title={The future of utility customer-funded energy efficiency programs in the USA: projected spending and savings to 2025},
  author={Barbose, Galen L and Goldman, Charles A and Hoffman, Ian M and Billingsley, Megan},
  journal={Energy Efficiency},
  volume={6},
  number={3},
  pages={475--493},
  year={2013},
  publisher={Springer}
}